<?xml version="1.0" encoding="UTF-8"?><record xmlns="http://www.loc.gov/MARC21/slim" xmlns:cinclude="http://apache.org/cocoon/include/1.0" xmlns:zs="http://www.loc.gov/zing/srw/">
  <leader>00422nz  a2200121n  4500</leader>
  <controlfield tag="001">n  84018335 </controlfield>
  <controlfield tag="003">DLC</controlfield>
  <controlfield tag="005">19840822000000.0</controlfield>
  <controlfield tag="008">840413n| acannaab|          |n ana |||  </controlfield>
  <datafield tag="010" ind1=" " ind2=" ">
    <subfield code="a">n  84018335 </subfield>
  </datafield>
  <datafield tag="040" ind1=" " ind2=" ">
    <subfield code="a">DLC</subfield>
    <subfield code="c">DLC</subfield>
  </datafield>
  <datafield tag="130" ind1=" " ind2="0">
    <subfield code="a">On the road with Charles Kuralt (Television program)</subfield>
  </datafield>
  <datafield tag="670" ind1=" " ind2=" ">
    <subfield code="a">Data from Salenger Educ. Media for Satisfaction, a job well done [MP] 1984</subfield>
    <subfield code="b">(On the road with Charles Kuralt; CBS television program)</subfield>
  </datafield>
</record>